@article{liu2020pi,
  title={$$\backslash$pi $ $\pi$-BA: Bundle Adjustment Hardware Accelerator Based on Distribution of 3D-Point Observations},
  author={Liu, Qiang and Qin, Shuzhen and Yu, Bo and Tang, Jie and Liu, Shaoshan},
  journal={IEEE transactions on computers},
  volume={69},
  number={7},
  pages={1083--1095},
  year={2020},
  publisher={IEEE}
}

@article{sun2020bax,
  title={Bax: A bundle adjustment accelerator with decoupled access/execute architecture for visual odometry},
  author={Sun, Rongdi and Liu, Peilin and Xue, Jianwei and Yang, Shiyu and Qian, Jiuchao and Ying, Rendong},
  journal={IEEE Access},
  volume={8},
  pages={75530--75542},
  year={2020},
  publisher={IEEE}
}

@inproceedings{kummerle2011g,
  title={g 2 o: A general framework for graph optimization},
  author={K{\"u}mmerle, Rainer and Grisetti, Giorgio and Strasdat, Hauke and Konolige, Kurt and Burgard, Wolfram},
  booktitle={2011 IEEE international conference on robotics and automation},
  pages={3607--3613},
  year={2011},
  organization={IEEE}
}

@article{agarwal2012ceres,
  title={Ceres solver: Tutorial \& reference},
  author={Agarwal, Sameer and Mierle, Keir and others},
  journal={Google Inc},
  volume={2},
  number={72},
  pages={8},
  year={2012}
}


@inproceedings{ren2022megba,
  title={MegBA: A High-Performance and Distributed Library for Large-Scale Bundle Adjustment},
  author={Ren, Jie and Liang, Wenteng and Yan, Ran and Mai, Luo and Liu, X and Liu, Xiao},
  booktitle={European Conference on Computer Vision (ECCV)},
  volume={2},
  year={2022}
}

@article{blackford2002updated,
  title={An updated set of basic linear algebra subprograms (BLAS)},
  author={Blackford, L Susan and Petitet, Antoine and Pozo, Roldan and Remington, Karin and Whaley, R Clint and Demmel, James and Dongarra, Jack and Duff, Iain and Hammarling, Sven and Henry, Greg and others},
  journal={ACM Transactions on Mathematical Software},
  volume={28},
  number={2},
  pages={135--151},
  year={2002},
  publisher={Citeseer}
}

@article{lourakis2009sba,
  title={SBA: A software package for generic sparse bundle adjustment},
  author={Lourakis, Manolis IA and Argyros, Antonis A},
  journal={ACM Transactions on Mathematical Software (TOMS)},
  volume={36},
  number={1},
  pages={1--30},
  year={2009},
  publisher={ACM New York, NY, USA}
}

@techreport{lourakis2004design,
  title={The design and implementation of a generic sparse bundle adjustment software package based on the levenberg-marquardt algorithm},
  author={Lourakis, Manolis and Argyros, Antonis},
  year={2004},
  institution={Technical Report 340, Institute of Computer Science-FORTH, Heraklion, Crete~…}
}


@inproceedings{agarwal2010bundle,
  title={Bundle adjustment in the large},
  author={Agarwal, Sameer and Snavely, Noah and Seitz, Steven M and Szeliski, Richard},
  booktitle={Computer Vision--ECCV 2010: 11th European Conference on Computer Vision, Heraklion, Crete, Greece, September 5-11, 2010, Proceedings, Part II 11},
  pages={29--42},
  year={2010},
  organization={Springer}
}

@article{campos2021orb,
  title={Orb-slam3: An accurate open-source library for visual, visual--inertial, and multimap slam},
  author={Campos, Carlos and Elvira, Richard and Rodr{\'\i}guez, Juan J G{\'o}mez and Montiel, Jos{\'e} MM and Tard{\'o}s, Juan D},
  journal={IEEE transactions on robotics},
  volume={37},
  number={6},
  pages={1874--1890},
  year={2021},
  publisher={IEEE}
}

@article{cadena2016past,
  title={Past, present, and future of simultaneous localization and mapping: Toward the robust-perception age},
  author={Cadena, Cesar and Carlone, Luca and Carrillo, Henry and Latif, Yasir and Scaramuzza, Davide and Neira, Jos{\'e} and Reid, Ian and Leonard, John J},
  journal={IEEE Transactions on robotics},
  volume={32},
  number={6},
  pages={1309--1332},
  year={2016},
  publisher={IEEE}
}
@book{hartley2003multiple,
  title={Multiple view geometry in computer vision},
  author={Hartley, Richard},
  volume={665},
  year={2003},
  publisher={Cambridge university press}
}
@article{mur2017orb,
  title={Orb-slam2: An open-source slam system for monocular, stereo, and rgb-d cameras},
  author={Mur-Artal, Raul and Tard{\'o}s, Juan D},
  journal={IEEE transactions on robotics},
  volume={33},
  number={5},
  pages={1255--1262},
  year={2017},
  publisher={IEEE}
}

@inproceedings{qin2019pi,
  title={$\pi$-ba: Bundle adjustment acceleration on embedded fpgas with co-observation optimization},
  author={Qin, Shuzhen and Liu, Qiang and Yu, Bo and Liu, Shaoshan},
  booktitle={2019 IEEE 27th Annual International Symposium on Field-Programmable Custom Computing Machines (FCCM)},
  pages={100--108},
  year={2019},
  organization={IEEE}
}

@inproceedings{triggs1999bundle,
  title={Bundle adjustment—a modern synthesis},
  author={Triggs, Bill and McLauchlan, Philip F and Hartley, Richard I and Fitzgibbon, Andrew W},
  booktitle={International workshop on vision algorithms},
  pages={298--372},
  year={1999},
  organization={Springer}
}

@inproceedings{wu2011multicore,
  title={Multicore bundle adjustment},
  author={Wu, Changchang and Agarwal, Sameer and Curless, Brian and Seitz, Steven M},
  booktitle={CVPR 2011},
  pages={3057--3064},
  year={2011},
  organization={IEEE}
}